[gd_scene load_steps=6 format=2]

[ext_resource path="res://SightCone.png" type="Texture" id=1]
[ext_resource path="res://Art_Files/2021 WGJ Circle Child 5.png" type="Texture" id=2]
[ext_resource path="res://Follower.gd" type="Script" id=3]

[sub_resource type="CircleShape2D" id=1]
radius = 303.858

[sub_resource type="CircleShape2D" id=2]
radius = 40.0592

[node name="NPC" type="RigidBody2D" groups=[
"NPC",
]]
collision_mask = 0
gravity_scale = 0.0
script = ExtResource( 3 )

[node name="Sprite" type="Sprite" parent="."]
light_mask = 2
scale = Vector2( 0.1, 0.1 )
texture = ExtResource( 2 )

[node name="SightCone" type="Area2D" parent="."]
collision_layer = 2

[node name="Cone" type="Sprite" parent="SightCone"]
visible = false
show_behind_parent = true
texture = ExtResource( 1 )
region_rect = Rect2( 0, 0, 858.818, 647.109 )

[node name="Sight" type="CollisionPolygon2D" parent="SightCone"]
scale = Vector2( 0.28, 0.5 )
polygon = PoolVector2Array( 422.955, -423.683, 0.809875, -0.35376, -146.603, -146.842, -425.004, -423.498, -386.961, -458.204, -333.567, -496.914, -284.178, -528.283, -231.452, -552.977, -176.724, -571.665, -144.705, -581.248, -109.567, -588.92, -45.277, -597.651, -0.0360718, -599.239, 45.9985, -597.651, 84.8899, -593.683, 138.862, -584.158, 201.564, -565.903, 265.854, -538.124, 309.507, -514.313, 362.685, -478.596, 391.258, -455.579 )

[node name="Light2D" type="Light2D" parent="SightCone/Sight"]
light_mask = 3
position = Vector2( 0, -1.78186 )
texture = ExtResource( 1 )
color = Color( 0.937255, 1, 0.215686, 1 )
shadow_enabled = true
shadow_color = Color( 0.0862745, 0.0862745, 0.101961, 0 )

[node name="Aura" type="Area2D" parent="SightCone"]

[node name="AuraRange" type="CollisionShape2D" parent="SightCone/Aura"]
shape = SubResource( 1 )

[node name="CollisionShape2D" type="CollisionShape2D" parent="."]
shape = SubResource( 2 )

[node name="Forward" type="Position2D" parent="."]
position = Vector2( 0, -100 )
