[gd_scene load_steps=24 format=2]

[ext_resource path="res://Audio_Files/2021 WGJ BG_1 Park.ogg" type="AudioStream" id=1]
[ext_resource path="res://Audio_Files/2021 WGJ BG_2 Schoolyard.ogg" type="AudioStream" id=2]
[ext_resource path="res://Audio_Files/2021 WGJ BG_3 Library.ogg" type="AudioStream" id=3]
[ext_resource path="res://Audio_Files/2021 WGJ BG_7 Cafe.ogg" type="AudioStream" id=4]
[ext_resource path="res://Audio_Files/2021 WGJ BG_8 Street.ogg" type="AudioStream" id=5]
[ext_resource path="res://Audio_Files/2021 WGJ BG_4 Office.ogg" type="AudioStream" id=6]
[ext_resource path="res://Audio_Files/2021 WGJ BG_6 Mall.ogg" type="AudioStream" id=7]
[ext_resource path="res://Audio_Files/2021 WGJ BG_5 Prison.ogg" type="AudioStream" id=8]

[sub_resource type="OccluderPolygon2D" id=1]
polygon = PoolVector2Array( 900.341, 1686.37, 891.472, 305.986, 644.527, 305.986, 654.606, 248.03, 939.349, 235.431, 873.833, -1195.84, 558.853, -1198.36, 561.373, -1296.63, 959.508, -1291.59, 956.988, -2634.67, 745.322, -2634.67, 642.008, -2455.76, 553.814, -2458.28, 619.33, -3017.69, 946.909, -3085.72, 946.909, -3602.29, 1014.94, -3619.93, 1077.94, -3773.64, 629.409, -3773.64, 642.008, -3836.63, 1100.62, -3831.6, 1234.17, -4156.65, 1234.17, -4640.46, 1171.17, -4648.02, 1161.1, -4562.35, 1128.34, -4559.83, 1133.38, -4670.7, 1231.65, -4678.26, 1231.65, -4998.28, 604.21, -4998.28, 601.691, -4900.01, 687.365, -4897.49, 677.286, -4862.21, 568.933, -4857.17, 571.453, -4988.2, 9.52771, -5003.32, 82.6031, -5126.79, 468.139, -5129.31, 458.06, -5227.59, 566.413, -5207.43, 566.413, -5136.87, 1203.93, -5162.07, 1211.49, -5343.5, 563.893, -5351.06, 563.893, -5265.38, 465.619, -5283.02, 470.659, -5529.97, 561.373, -5504.77, 551.294, -5403.98, 1203.93, -5419.09, 1216.53, -5640.84, 566.413, -5638.32, 568.933, -5570.29, 480.739, -5595.48, 475.699, -5817.23, 566.413, -5786.99, 571.453, -5698.8, 1211.49, -5706.36, 1214.01, -5970.94, 571.453, -5955.82, 573.973, -5892.83, 475.699, -5862.59, 473.179, -5968.42, 62.4448, -5960.86, 57.4052, -6013.78, 1193.85, -6036.46, 1505.01, -6685.16, 3090.85, -9223.91, 4334.92, -8748.7, 3034.2, 2795.38, 615.148, 2775.22 )

[sub_resource type="OccluderPolygon2D" id=2]
polygon = PoolVector2Array( 890.761, 1699.59, 130.761, 1707.59, 150.761, 287.587, 386.761, 291.587, 390.761, 195.587, 310.761, 179.587, 310.761, 223.587, 94.761, 231.587, 114.761, -100.413, 618.761, -88.4131, 606.761, -160.413, -597.239, -164.413, -1153.24, 1707.38, -273.239, 2755.38, 614.761, 2767.38 )

[sub_resource type="OccluderPolygon2D" id=3]
polygon = PoolVector2Array( -273.545, 2761.06, -1962.69, 2757.5, -2675.03, -1791.14, -1462.77, -6496.5, -1884.82, -9311.79, -692.388, -7302.13, -187.85, -6057.6, -194.577, -5855.79, 301.462, -5828.83, 178.601, -5229.51, -118.064, -5241.49, -121.06, -4983.78, -219.949, -4989.78, -215.188, -4572.18, -149.262, -4578.17, -152.259, -4674.06, -110.307, -4674.06, -113.303, -4542.21, -218.185, -4533.22, -218.185, -4146.66, -65.3573, -3838.01, 396.121, -3832.01, 387.131, -3766.09, -23.4047, -3781.07, 51.5107, -3598.28, 96.46, -3601.27, 84.4733, -3088.85, 315.213, -3052.9, 462.047, -2459.57, 381.138, -2453.57, 270.263, -2654.35, 63.4971, -2714.28, 60.5004, -1281.9, 459.05, -1287.89, 459.05, -1186, 168.378, -1192, 114.439, -158.166, -561.566, -134.366, -722.219, -276.937, -1306.38, 1922.27 )

[sub_resource type="OccluderPolygon2D" id=4]
polygon = PoolVector2Array( 283.785, 1405.41, 352.708, 1403.91, 354.206, 1474.33, 282.287, 1475.83 )

[sub_resource type="OccluderPolygon2D" id=5]
polygon = PoolVector2Array( 477.067, 918.456, 578.952, 918.456, 578.952, 987.378, 472.572, 988.876 )

[sub_resource type="OccluderPolygon2D" id=6]
polygon = PoolVector2Array( 378.292, -1481.16, 660.03, -1476.67, 655.54, -1799.94, 380.536, -1803.31 )

[sub_resource type="OccluderPolygon2D" id=7]
polygon = PoolVector2Array( 382.781, -1918.92, 657.785, -1917.8, 657.785, -2116.47, 551.151, -2113.11, 546.661, -2244.43, 501.762, -2242.19, 493.905, -2118.72, 378.292, -2116.47 )

[sub_resource type="OccluderPolygon2D" id=8]
polygon = PoolVector2Array( 206.555, -2467.8, 233.494, -2459.95, 234.616, -1634.94, 206.555, -1631.57 )

[sub_resource type="OccluderPolygon2D" id=9]
polygon = PoolVector2Array( 347.311, -3315.9, 333.538, -3240.68, 240.305, -3229.02, 255.138, -3297.89 )

[sub_resource type="OccluderPolygon2D" id=10]
polygon = PoolVector2Array( 560.263, -3296.83, 568.739, -3237.5, 658.793, -3238.56, 677.864, -3308.48 )

[sub_resource type="OccluderPolygon2D" id=11]
polygon = PoolVector2Array( 254.078, -3554.28, 374.857, -3559.57, 355.787, -3507.66, 651.377, -3511.9, 664.091, -3564.87, 750.967, -3573.35, 740.372, -3451.51, 259.376, -3455.75 )

[sub_resource type="OccluderPolygon2D" id=12]
polygon = PoolVector2Array( 397.106, -4209.02, 651.377, -4213.26, 652.437, -3962.17, 388.63, -3966.41 )

[sub_resource type="OccluderPolygon2D" id=13]
polygon = PoolVector2Array( 162.965, -4682.6, 863.27, -4684.72, 862.21, -4485.54, 525.301, -4491.9, 518.944, -4390.19, 396.047, -4399.73, 401.344, -4427.27, 485.041, -4432.57, 491.398, -4483.43, 168.262, -4482.37 )

[sub_resource type="OccluderPolygon2D" id=14]
polygon = PoolVector2Array( 62.958, -6569.99, 257.988, -6529.56, 262.745, -6382.1, 74.85, -6396.37 )

[sub_resource type="OccluderPolygon2D" id=15]
polygon = PoolVector2Array( 186.636, -7664.06, 781.239, -7678.33, 674.211, -7283.52, 279.394, -7323.95 )

[node name="Level" type="Node"]

[node name="Collisions_Obstacles" type="StaticBody2D" parent="."]
collision_layer = 0
collision_mask = 3

[node name="CollisionPolygon2D" type="CollisionPolygon2D" parent="Collisions_Obstacles"]
position = Vector2( 248, 1084.8 )
polygon = PoolVector2Array( 648, 640, 768, 640, 776, -820.8, 648, -804.8 )

[node name="CollisionPolygon2D14" type="CollisionPolygon2D" parent="Collisions_Obstacles"]
position = Vector2( 248, 1084.8 )
polygon = PoolVector2Array( 648, 640, 648, 616, -120, 616, -120, 640 )

[node name="CollisionPolygon2D2" type="CollisionPolygon2D" parent="Collisions_Obstacles"]
position = Vector2( -600, 1084.8 )
polygon = PoolVector2Array( 600, 640, 728, 640, 744, -820.8, 608, -812.8 )

[node name="CollisionPolygon2D3" type="CollisionPolygon2D" parent="Collisions_Obstacles"]
position = Vector2( -192, 1004.8 )
polygon = PoolVector2Array( 640, 336, 704, 336, 704, 272, 640, 272 )

[node name="CollisionPolygon2D4" type="CollisionPolygon2D" parent="Collisions_Obstacles"]
position = Vector2( 0, 876.8 )
polygon = PoolVector2Array( 640, 336, 704, 336, 704, 272, 640, 272 )

[node name="CollisionPolygon2D5" type="CollisionPolygon2D" parent="Collisions_Obstacles"]
position = Vector2( -384, 812.8 )
polygon = PoolVector2Array( 640, 336, 704, 336, 704, 272, 640, 272 )

[node name="CollisionPolygon2D6" type="CollisionPolygon2D" parent="Collisions_Obstacles"]
position = Vector2( -352, 1132.8 )
polygon = PoolVector2Array( 640, 336, 704, 336, 704, 272, 640, 272 )

[node name="CollisionPolygon2D7" type="CollisionPolygon2D" parent="Collisions_Obstacles"]
position = Vector2( -192, 652.8 )
polygon = PoolVector2Array( 672, 336, 768, 336, 768, 272, 672, 272 )

[node name="CollisionPolygon2D26" type="CollisionPolygon2D" parent="Collisions_Obstacles"]
position = Vector2( 480, 1512 )
rotation = -1.5708
polygon = PoolVector2Array( 640, 336, 704, 336, 704, 272, 640, 272 )

[node name="CollisionPolygon2D27" type="CollisionPolygon2D" parent="Collisions_Obstacles"]
position = Vector2( 320, 1256 )
rotation = -1.5708
polygon = PoolVector2Array( 640, 336, 704, 336, 704, 272, 640, 272 )

[node name="CollisionPolygon2D28" type="CollisionPolygon2D" parent="Collisions_Obstacles"]
position = Vector2( -24, 1128 )
rotation = -1.5708
polygon = PoolVector2Array( 640, 336, 704, 336, 704, 272, 640, 272 )

[node name="CollisionPolygon2D29" type="CollisionPolygon2D" parent="Collisions_Obstacles"]
position = Vector2( 120, 1464 )
rotation = -1.5708
polygon = PoolVector2Array( 640, 336, 704, 336, 704, 272, 640, 272 )

[node name="CollisionPolygon2D30" type="CollisionPolygon2D" parent="Collisions_Obstacles"]
position = Vector2( 48, 960 )
rotation = -1.5708
polygon = PoolVector2Array( 672, 336, 768, 336, 768, 272, 672, 272 )

[node name="CollisionPolygon2D8" type="CollisionPolygon2D" parent="Collisions_Obstacles"]
position = Vector2( -640, -48 )
polygon = PoolVector2Array( 640, 336, 960, 336, 960, 272, 640, 272 )

[node name="CollisionPolygon2D9" type="CollisionPolygon2D" parent="Collisions_Obstacles"]
position = Vector2( 64, -32 )
polygon = PoolVector2Array( 592, 336, 960, 336, 960, 272, 600, 280 )

[node name="CollisionPolygon2D25" type="CollisionPolygon2D" parent="Collisions_Obstacles"]
position = Vector2( -592, -432 )
polygon = PoolVector2Array( 640, 336, 1200, 328, 1200, 280, 640, 272 )

[node name="CollisionPolygon2D10" type="CollisionPolygon2D" parent="Collisions_Obstacles"]
position = Vector2( 64.8, -16 )
polygon = PoolVector2Array( 871.2, 272, 960, 272, 951.2, -1208, 807.2, -1232 )

[node name="CollisionPolygon2D11" type="CollisionPolygon2D" parent="Collisions_Obstacles"]
position = Vector2( -831.2, -16 )
polygon = PoolVector2Array( 832, 272, 927.2, 272, 999.2, -1216, 839.2, -1192 )

[node name="CollisionPolygon2D12" type="CollisionPolygon2D" parent="Collisions_Obstacles"]
position = Vector2( -607.2, -1093.6 )
polygon = PoolVector2Array( 608, -104, 1064, -104, 1063.2, -192, 607.2, -192 )

[node name="CollisionPolygon2D13" type="CollisionPolygon2D" parent="Collisions_Obstacles"]
position = Vector2( -95.2, -1093.6 )
polygon = PoolVector2Array( 664, -104, 1120, -104, 1119.2, -192, 663.2, -192 )

[node name="CollisionPolygon2D15" type="CollisionPolygon2D" parent="Collisions_Obstacles"]
position = Vector2( -368, -1496 )
polygon = PoolVector2Array( 752, 16, 1024, 16, 1024, -304, 752, -304 )

[node name="CollisionPolygon2D16" type="CollisionPolygon2D" parent="Collisions_Obstacles"]
position = Vector2( -368, -1936 )
polygon = PoolVector2Array( 752, 16, 1024, 16, 1024, -176, 752, -176 )

[node name="CollisionPolygon2D31" type="CollisionPolygon2D" parent="Collisions_Obstacles"]
position = Vector2( -376, -2136 )
polygon = PoolVector2Array( 880, 56, 920, 64, 920, -104, 880, -104 )

[node name="CollisionPolygon2D23" type="CollisionPolygon2D" parent="Collisions_Obstacles"]
position = Vector2( -752, -2824 )
polygon = PoolVector2Array( 760, 80, 1048, 184, 1024, -176, 752, -176 )

[node name="CollisionPolygon2D24" type="CollisionPolygon2D" parent="Collisions_Obstacles"]
position = Vector2( -16, -2808 )
polygon = PoolVector2Array( 744, 176, 1048, 168, 1024, -176, 752, -176 )

[node name="CollisionPolygon2D17" type="CollisionPolygon2D" parent="Collisions_Obstacles"]
position = Vector2( -768, -2096 )
polygon = PoolVector2Array( 976, 464, 1000, 464, 1000, -368, 976, -360 )

[node name="CollisionPolygon2D21" type="CollisionPolygon2D" parent="Collisions_Obstacles"]
position = Vector2( -960, -1968 )
polygon = PoolVector2Array( 960, 744, 1024, 736, 1024, -1032, 960, -1136 )

[node name="CollisionPolygon2D22" type="CollisionPolygon2D" parent="Collisions_Obstacles"]
position = Vector2( 0, -1968 )
polygon = PoolVector2Array( 960, 744, 1024, 744, 1048, -1128, 960, -992 )

[node name="CollisionPolygon2D18" type="CollisionPolygon2D" parent="Collisions_Obstacles"]
position = Vector2( -176, -2096 )
polygon = PoolVector2Array( 984, 464, 1008, 464, 1008, -368, 984, -368 )

[node name="CollisionPolygon2D19" type="CollisionPolygon2D" parent="Collisions_Obstacles"]
position = Vector2( -440, -2680 )
polygon = PoolVector2Array( 824, 216, 896, 216, 760, -360, 440, -424 )

[node name="CollisionPolygon2D20" type="CollisionPolygon2D" parent="Collisions_Obstacles"]
position = Vector2( -280, -2680 )
polygon = PoolVector2Array( 920, 216, 840, 216, 904, -336, 1328, -416 )

[node name="CollisionPolygon2D32" type="CollisionPolygon2D" parent="Collisions_Obstacles"]
position = Vector2( 112, -3272 )
polygon = PoolVector2Array( 920, 216, 840, 216, 832, -328, 1336, -408 )

[node name="CollisionPolygon2D33" type="CollisionPolygon2D" parent="Collisions_Obstacles"]
position = Vector2( -840, -3304 )
polygon = PoolVector2Array( 920, 216, 840, 216, 512, -376, 936, -288 )

[node name="CollisionPolygon2D34" type="CollisionPolygon2D" parent="Collisions_Obstacles"]
position = Vector2( -208, -3296 )
polygon = PoolVector2Array( 944, -160, 472, -160, 480, -216, 944, -208 )

[node name="CollisionPolygon2D39" type="CollisionPolygon2D" parent="Collisions_Obstacles"]
position = Vector2( -552, -3616 )
polygon = PoolVector2Array( 944, -160, 472, -160, 480, -216, 944, -208 )

[node name="CollisionPolygon2D41" type="CollisionPolygon2D" parent="Collisions_Obstacles"]
position = Vector2( -680, -3488 )
polygon = PoolVector2Array( 744, -88, 360, -192, 360, -648, 464, -648 )

[node name="CollisionPolygon2D42" type="CollisionPolygon2D" parent="Collisions_Obstacles"]
position = Vector2( 608, -3552 )
polygon = PoolVector2Array( 840, -128, 400, -40, 632, -608, 744, -608 )

[node name="CollisionPolygon2D43" type="CollisionPolygon2D" parent="Collisions_Obstacles"]
position = Vector2( -96, -3960 )
polygon = PoolVector2Array( 744, -8, 496, -8, 496, -248, 744, -248 )

[node name="CollisionPolygon2D44" type="CollisionPolygon2D" parent="Collisions_Obstacles"]
position = Vector2( -24, -4480 )
polygon = PoolVector2Array( 888, -8, 192, -8, 192, -200, 888, -200 )

[node name="CollisionPolygon2D45" type="CollisionPolygon2D" parent="Collisions_Obstacles"]
position = Vector2( -512, -4176 )
polygon = PoolVector2Array( 296, 56, 192, 56, 192, -872, 296, -872 )

[node name="CollisionPolygon2D46" type="CollisionPolygon2D" parent="Collisions_Obstacles"]
position = Vector2( 1048, -4216 )
polygon = PoolVector2Array( 296, 56, 192, 56, 192, -872, 296, -872 )

[node name="CollisionPolygon2D48" type="CollisionPolygon2D" parent="Collisions_Obstacles"]
position = Vector2( -552, -4224 )
polygon = PoolVector2Array( 432, -328, 328, -328, 328, -352, 432, -352 )

[node name="CollisionPolygon2D53" type="CollisionPolygon2D" parent="Collisions_Obstacles"]
position = Vector2( 248, -4544 )
polygon = PoolVector2Array( 432, -328, 328, -328, 328, -352, 432, -352 )

[node name="CollisionPolygon2D55" type="CollisionPolygon2D" parent="Collisions_Obstacles"]
position = Vector2( 808, -4320 )
polygon = PoolVector2Array( 432, -328, 328, -328, 328, -352, 432, -352 )

[node name="CollisionPolygon2D54" type="CollisionPolygon2D" parent="Collisions_Obstacles"]
position = Vector2( 80, -4072 )
polygon = PoolVector2Array( 432, -328, 328, -328, 328, -352, 432, -352 )

[node name="CollisionPolygon2D49" type="CollisionPolygon2D" parent="Collisions_Obstacles"]
position = Vector2( 168, -4840 )
rotation = 1.5708
polygon = PoolVector2Array( 432, -328, 328, -328, 328, -352, 432, -352 )

[node name="CollisionPolygon2D50" type="CollisionPolygon2D" parent="Collisions_Obstacles"]
position = Vector2( 248, -5320 )
rotation = 1.5708
polygon = PoolVector2Array( 432, -328, 328, -328, 328, -352, 432, -352 )

[node name="CollisionPolygon2D56" type="CollisionPolygon2D" parent="Collisions_Obstacles"]
position = Vector2( 808, -4992 )
rotation = 1.5708
polygon = PoolVector2Array( 432, -328, 328, -328, 328, -352, 432, -352 )

[node name="CollisionPolygon2D57" type="CollisionPolygon2D" parent="Collisions_Obstacles"]
position = Vector2( 912, -5480 )
rotation = 1.5708
polygon = PoolVector2Array( 480.851, 899.491, 360, 832, 320, -432, 488, -432 )

[node name="CollisionPolygon2D59" type="CollisionPolygon2D" parent="Collisions_Obstacles"]
position = Vector2( 904, -5664 )
rotation = 1.5708
polygon = PoolVector2Array( 528, -312, -384, -312, -400, -440, 536, -440 )

[node name="CollisionPolygon2D60" type="CollisionPolygon2D" parent="Collisions_Obstacles"]
position = Vector2( -632, -5640 )
rotation = 1.5708
polygon = PoolVector2Array( 528, -312, -1640, 80.0001, -384, -424, 536, -440 )

[node name="CollisionPolygon2D61" type="CollisionPolygon2D" parent="Collisions_Obstacles"]
position = Vector2( 728, -5968 )
rotation = 1.5708
polygon = PoolVector2Array( 624, 256, 560, 256, 560, -560, 624, -560 )

[node name="CollisionPolygon2D62" type="CollisionPolygon2D" parent="Collisions_Obstacles"]
position = Vector2( 736, -6264 )
rotation = 1.5708
polygon = PoolVector2Array( 624, 256, 560, 256, 560, -560, 624, -560 )

[node name="CollisionPolygon2D63" type="CollisionPolygon2D" parent="Collisions_Obstacles"]
position = Vector2( 736, -6592 )
rotation = 1.5708
polygon = PoolVector2Array( 624, 672, 576, 672, 560, -560, 624, -560 )

[node name="CollisionPolygon2D64" type="CollisionPolygon2D" parent="Collisions_Obstacles"]
position = Vector2( 360, -5752 )
rotation = 1.5708
polygon = PoolVector2Array( 624, 672, -88, 648, -80, 480, 632, 480 )

[node name="CollisionPolygon2D65" type="CollisionPolygon2D" parent="Collisions_Obstacles"]
position = Vector2( 560, -5864 )
rotation = 1.5708
polygon = PoolVector2Array( 616, 680, 32, 688, 32, 256, 616, 384 )

[node name="CollisionPolygon2D66" type="CollisionPolygon2D" parent="Collisions_Obstacles"]
position = Vector2( 1032, -5896 )
rotation = 1.5708
polygon = PoolVector2Array( 616, 560, 536, 560, 536, 472, 624, 472 )

[node name="CollisionPolygon2D67" type="CollisionPolygon2D" parent="Collisions_Obstacles"]
position = Vector2( 1032, -5728 )
rotation = 1.5708
polygon = PoolVector2Array( 616, 560, 504, 560, 520, 472, 624, 472 )

[node name="CollisionPolygon2D68" type="CollisionPolygon2D" parent="Collisions_Obstacles"]
position = Vector2( 1032, -6016 )
rotation = 1.5708
polygon = PoolVector2Array( 616, 560, 496, 560, 504, 472, 624, 472 )

[node name="CollisionPolygon2D69" type="CollisionPolygon2D" parent="Collisions_Obstacles"]
position = Vector2( 1040, -6240 )
rotation = 1.5708
polygon = PoolVector2Array( 632, 560, 536, 560, 536, 472, 672, 472 )

[node name="CollisionPolygon2D70" type="CollisionPolygon2D" parent="Collisions_Obstacles"]
position = Vector2( 1040, -6520 )
rotation = 1.5708
polygon = PoolVector2Array( 648, 560, 536, 560, 536, 472, 624, 472 )

[node name="CollisionPolygon2D71" type="CollisionPolygon2D" parent="Collisions_Obstacles"]
position = Vector2( 1040, -6320 )
rotation = 1.5708
polygon = PoolVector2Array( 616, 560, 504, 560, 536, 472, 624, 472 )

[node name="CollisionPolygon2D58" type="CollisionPolygon2D" parent="Collisions_Obstacles"]
position = Vector2( 528, -5480 )
rotation = 1.5708
polygon = PoolVector2Array( 488, 848, 360, 848, 360, 648, 488, 648 )

[node name="CollisionPolygon2D52" type="CollisionPolygon2D" parent="Collisions_Obstacles"]
position = Vector2( -472, -5000 )
rotation = 1.5708
polygon = PoolVector2Array( 432, -328, 328, -328, 328, -352, 432, -352 )

[node name="CollisionPolygon2D40" type="CollisionPolygon2D" parent="Collisions_Obstacles"]
position = Vector2( 160, -3616 )
polygon = PoolVector2Array( 944, -160, 472, -160, 480, -216, 944, -208 )

[node name="CollisionPolygon2D35" type="CollisionPolygon2D" parent="Collisions_Obstacles"]
position = Vector2( -224, -3072 )
polygon = PoolVector2Array( 552, -168, 472, -160, 480, -216, 568, -240 )

[node name="CollisionPolygon2D38" type="CollisionPolygon2D" parent="Collisions_Obstacles"]
position = Vector2( 184, -3336 )
polygon = PoolVector2Array( 552, -168, 472, -160, 480, -216, 568, -240 )

[node name="CollisionPolygon2D36" type="CollisionPolygon2D" parent="Collisions_Obstacles"]
position = Vector2( 104, -3080 )
polygon = PoolVector2Array( 552, -160, 472, -160, 464, -216, 568, -224 )

[node name="CollisionPolygon2D37" type="CollisionPolygon2D" parent="Collisions_Obstacles"]
position = Vector2( -200, -3336 )
polygon = PoolVector2Array( 552, -160, 472, -160, 464, -216, 568, -224 )

[node name="CollisionPolygon2D72" type="CollisionPolygon2D" parent="Collisions_Obstacles"]
position = Vector2( -328, -6256 )
polygon = PoolVector2Array( 584, -120, 408, -136, 400, -304, 592, -264 )

[node name="CollisionPolygon2D73" type="CollisionPolygon2D" parent="Collisions_Obstacles"]
position = Vector2( 280, -6248 )
polygon = PoolVector2Array( 584, -120, 408, -136, 400, -304, 592, -264 )

[node name="CollisionPolygon2D77" type="CollisionPolygon2D" parent="Collisions_Obstacles"]
position = Vector2( 768, -5976 )
polygon = PoolVector2Array( 552, -48, 432, -40, 808, -816, 1528, -1296 )

[node name="CollisionPolygon2D78" type="CollisionPolygon2D" parent="Collisions_Obstacles"]
position = Vector2( 768, -5984 )
polygon = PoolVector2Array( 1112, -896, 896, -792, 808, -816, 2336, -3240 )

[node name="CollisionPolygon2D79" type="CollisionPolygon2D" parent="Collisions_Obstacles"]
position = Vector2( -1616, -6248 )
polygon = PoolVector2Array( 912, -1000, 992, -608, 872, -736, -336, -3120 )

[node name="CollisionPolygon2D74" type="CollisionPolygon2D" parent="Collisions_Obstacles"]
position = Vector2( 272, -6608 )
polygon = PoolVector2Array( 584, -120, 408, -136, 400, -304, 592, -264 )

[node name="CollisionPolygon2D75" type="CollisionPolygon2D" parent="Collisions_Obstacles"]
position = Vector2( -344, -6624 )
polygon = PoolVector2Array( 584, -120, 408, -136, 400, -304, 592, -264 )

[node name="CollisionPolygon2D76" type="CollisionPolygon2D" parent="Collisions_Obstacles"]
position = Vector2( -8, -7288 )
polygon = PoolVector2Array( 672, -8, 296, -48, 208, -376, 776, -384 )

[node name="BG_Audio" type="Node" parent="."]

[node name="AudioStreamPlayer2D" type="AudioStreamPlayer2D" parent="BG_Audio"]
position = Vector2( 514.348, 1378.78 )
stream = ExtResource( 1 )
autoplay = true
max_distance = 1300.0
attenuation = 0.5
bus = "BG"

[node name="AudioStreamPlayer2D2" type="AudioStreamPlayer2D" parent="BG_Audio"]
position = Vector2( 531.266, -408.461 )
stream = ExtResource( 2 )
autoplay = true
attenuation = 0.499999
bus = "BG"

[node name="AudioStreamPlayer2D3" type="AudioStreamPlayer2D" parent="BG_Audio"]
position = Vector2( 521.176, -1979.26 )
stream = ExtResource( 3 )
autoplay = true
attenuation = 0.499999
bus = "BG"

[node name="AudioStreamPlayer2D4" type="AudioStreamPlayer2D" parent="BG_Audio"]
position = Vector2( 517.812, -4081.5 )
stream = ExtResource( 6 )
autoplay = true
max_distance = 3000.0
attenuation = 0.499999
bus = "BG"

[node name="AudioStreamPlayer2D5" type="AudioStreamPlayer2D" parent="BG_Audio"]
position = Vector2( 514.448, -5467.29 )
stream = ExtResource( 8 )
autoplay = true
max_distance = 1200.0
attenuation = 0.499999
bus = "BG"

[node name="AudioStreamPlayer2D6" type="AudioStreamPlayer2D" parent="BG_Audio"]
position = Vector2( 470.722, -6321.64 )
stream = ExtResource( 7 )
volume_db = 5.0
autoplay = true
max_distance = 2800.0
bus = "BG"

[node name="AudioStreamPlayer2D7" type="AudioStreamPlayer2D" parent="BG_Audio"]
position = Vector2( 477.449, -6764.98 )
stream = ExtResource( 4 )
volume_db = 6.0
autoplay = true
max_distance = 3000.0
attenuation = 0.499999
bus = "BG_End"

[node name="AudioStreamPlayer2D8" type="AudioStreamPlayer2D" parent="BG_Audio"]
position = Vector2( 466.771, -7149.8 )
stream = ExtResource( 5 )
volume_db = 9.0
pitch_scale = 2.64
autoplay = true
max_distance = 3800.0
bus = "BG_End"

[node name="Polygons" type="Node" parent="."]

[node name="Polygon2D" type="Polygon2D" parent="Polygons"]
color = Color( 0.545098, 0.580392, 0.584314, 1 )
polygon = PoolVector2Array( 3.14636, 1727.84, 1017.27, 1726.16, 1023.99, 234.411, 657.363, 247.865, 652.318, 305.046, 891.133, 306.728, 892.814, 1704.3, 129.281, 1702.62, 147.78, 283.182, 384.913, 286.546, 384.913, 190.684, 319.323, 189.002, 321.005, 224.32, -1.89941, 224.32 )

[node name="Polygon2D2" type="Polygon2D" parent="Polygons"]
color = Color( 0.545098, 0.580392, 0.584314, 1 )
polygon = PoolVector2Array( 289.051, 1403.26, 352.959, 1403.26, 353.717, 1467.37, 288.31, 1469.37 )

[node name="Polygon2D3" type="Polygon2D" parent="Polygons"]
position = Vector2( 158.846, -129.479 )
color = Color( 0.545098, 0.580392, 0.584314, 1 )
polygon = PoolVector2Array( 289.051, 1403.26, 352.959, 1403.26, 353.717, 1467.37, 288.31, 1469.37 )

[node name="Polygon2D4" type="Polygon2D" parent="Polygons"]
position = Vector2( 353.093, -256.455 )
color = Color( 0.545098, 0.580392, 0.584314, 1 )
polygon = PoolVector2Array( 289.051, 1403.26, 352.959, 1403.26, 353.717, 1467.37, 288.31, 1469.37 )

[node name="Polygon2D5" type="Polygon2D" parent="Polygons"]
position = Vector2( -33.557, -319.709 )
color = Color( 0.545098, 0.580392, 0.584314, 1 )
polygon = PoolVector2Array( 289.051, 1403.26, 352.959, 1403.26, 353.717, 1467.37, 288.31, 1469.37 )

[node name="Polygon2D6" type="Polygon2D" parent="Polygons"]
position = Vector2( 463.564, -598.56 )
color = Color( 0.545098, 0.580392, 0.584314, 1 )
polygon = PoolVector2Array( 289.051, 1403.26, 352.959, 1403.26, 353.717, 1467.37, 288.31, 1469.37 )

[node name="Polygon2D7" type="Polygon2D" parent="Polygons"]
position = Vector2( 102.75, -645.778 )
color = Color( 0.545098, 0.580392, 0.584314, 1 )
polygon = PoolVector2Array( 289.051, 1403.26, 352.959, 1403.26, 353.717, 1467.37, 288.31, 1469.37 )

[node name="Polygon2D8" type="Polygon2D" parent="Polygons"]
position = Vector2( 302.312, -852.466 )
color = Color( 0.545098, 0.580392, 0.584314, 1 )
polygon = PoolVector2Array( 289.051, 1403.26, 352.959, 1403.26, 353.717, 1467.37, 288.31, 1469.37 )

[node name="Polygon2D9" type="Polygon2D" parent="Polygons"]
position = Vector2( -42.466, -979.865 )
color = Color( 0.545098, 0.580392, 0.584314, 1 )
polygon = PoolVector2Array( 289.051, 1403.26, 352.959, 1403.26, 353.717, 1467.37, 288.31, 1469.37 )

[node name="Polygon2D10" type="Polygon2D" parent="Polygons"]
position = Vector2( 190.95, -481.852 )
color = Color( 0.545098, 0.580392, 0.584314, 1 )
polygon = PoolVector2Array( 289.051, 1403.26, 389.311, 1404.01, 387.529, 1470.83, 288.31, 1469.37 )

[node name="Polygon2D11" type="Polygon2D" parent="Polygons"]
color = Color( 0.545098, 0.580392, 0.584314, 1 )
polygon = PoolVector2Array( 937.16, 235.958, 1026.25, 235.958, 1024.98, -1292.38, 564.368, -1292.38, 564.368, -1196.11, 873.959, -1192.33 )

[node name="Polygon2D12" type="Polygon2D" parent="Polygons"]
color = Color( 0.545098, 0.580392, 0.584314, 1 )
polygon = PoolVector2Array( 98.0942, 225.366, 113.196, -99.3269, 607.786, -101.215, 607.786, -154.072, 115.084, -161.623, 167.941, -1199.88, 458.654, -1194.22, 458.654, -1288.61, -3.84418, -1286.72, -0.0685425, 231.029 )

[node name="Polygon2D13" type="Polygon2D" parent="Polygons"]
color = Color( 0.545098, 0.580392, 0.584314, 1 )
polygon = PoolVector2Array( 1023.09, -1294.27, 1049.52, -3087.63, 1449.72, -3682.27, 1345.9, -4159.87, 1234.52, -4159.87, 1102.38, -3827.63, 643.654, -3835.18, 632.327, -3776.66, 1077.84, -3771, 1015.54, -3618.09, 943.806, -3599.21, 949.469, -3085.74, 621.001, -3017.79, 558.705, -2460.9, 643.654, -2459.01, 749.368, -2634.57, 955.132, -2636.46, 958.908, -1296.16 )

[node name="Polygon2D14" type="Polygon2D" parent="Polygons"]
color = Color( 0.545098, 0.580392, 0.584314, 1 )
polygon = PoolVector2Array( 62.2271, -1294.27, 62.227, -2721.41, 273.655, -2640.24, 383.144, -2460.9, 460.542, -2459.01, 320.848, -3044.22, 82.992, -3089.52, 98.0942, -3604.88, 52.7882, -3599.21, -30.2726, -3784.21, 390.695, -3772.89, 396.359, -3831.41, -64.2521, -3837.07, -216.14, -4140.56, -326.14, -4140.56, -332.14, -3678.56, -0.139771, -3096.56, 1.86023, -1248.56 )

[node name="Polygon2D15" type="Polygon2D" parent="Polygons"]
color = Color( 0.545098, 0.580392, 0.584314, 1 )
polygon = PoolVector2Array( 377.86, -1480.56, 659.86, -1478.56, 653.86, -1800.56, 383.86, -1800.56 )

[node name="Polygon2D16" type="Polygon2D" parent="Polygons"]
color = Color( 0.545098, 0.580392, 0.584314, 1 )
polygon = PoolVector2Array( 383.86, -1920.56, 657.86, -1920.56, 657.86, -2116.56, 549.86, -2110.56, 545.86, -2242.56, 503.86, -2238.56, 495.86, -2116.56, 379.86, -2116.56 )

[node name="Polygon2D17" type="Polygon2D" parent="Polygons"]
color = Color( 0.545098, 0.580392, 0.584314, 1 )
polygon = PoolVector2Array( 231.86, -1634.56, 233.86, -2460.56, 207.86, -2466.56, 207.86, -1630.56 )

[node name="Polygon2D18" type="Polygon2D" parent="Polygons"]
color = Color( 0.545098, 0.580392, 0.584314, 1 )
polygon = PoolVector2Array( 833.86, -1632.56, 835.86, -2462.56, 807.86, -2468.56, 803.86, -1636.56 )

[node name="Polygon2D19" type="Polygon2D" parent="Polygons"]
color = Color( 0.545098, 0.580392, 0.584314, 1 )
polygon = PoolVector2Array( 332.465, -3240.44, 351.535, -3314.6, 251.946, -3295.53, 245.589, -3229.85 )

[node name="Polygon2D20" type="Polygon2D" parent="Polygons"]
color = Color( 0.545098, 0.580392, 0.584314, 1 )
polygon = PoolVector2Array( 571.904, -3238.32, 656.661, -3238.32, 675.731, -3306.13, 563.428, -3299.77 )

[node name="Polygon2D21" type="Polygon2D" parent="Polygons"]
color = Color( 0.545098, 0.580392, 0.584314, 1 )
polygon = PoolVector2Array( 260.422, -3458.69, 735.061, -3452.33, 749.893, -3570.99, 665.136, -3562.52, 654.542, -3511.66, 353.654, -3507.43, 372.725, -3558.28, 254.065, -3554.04 )

[node name="Polygon2D22" type="Polygon2D" parent="Polygons"]
color = Color( 0.545098, 0.580392, 0.584314, 1 )
polygon = PoolVector2Array( 391.795, -3965.12, 652.423, -3963, 650.304, -4213.03, 398.151, -4206.67 )

[node name="Polygon2D23" type="Polygon2D" parent="Polygons"]
color = Color( 0.545098, 0.580392, 0.584314, 1 )

[node name="Polygon2D24" type="Polygon2D" parent="Polygons"]
color = Color( 0.545098, 0.580392, 0.584314, 1 )
polygon = PoolVector2Array( 1345.31, -4160.06, 1351.67, -6062.85, 2294.59, -7270.64, 3106.14, -9228.53, 1503.66, -6669.27, 1193.98, -6033.88, 60.9779, -6014.27, 60.9779, -5963.87, 476.752, -5963.87, 479.272, -5870.64, 569.986, -5895.84, 572.506, -5961.35, 1217.59, -5971.43, 1212.55, -5706.85, 567.466, -5696.77, 569.986, -5784.96, 476.752, -5815.2, 481.792, -5595.98, 564.946, -5570.78, 572.506, -5641.33, 1215.07, -5638.81, 1204.99, -5419.59, 549.827, -5414.55, 562.426, -5507.78, 471.712, -5522.9, 469.192, -5278.47, 564.946, -5265.88, 564.946, -5351.55, 1210.03, -5341.47, 1207.51, -5162.56, 564.946, -5137.36, 564.946, -5207.92, 461.633, -5220.52, 464.153, -5132.32, 81.1366, -5119.72, 13.1009, -5001.29, 569.986, -4991.21, 572.506, -4862.7, 678.339, -4865.22, 688.419, -4900.5, 600.224, -4903.02, 605.264, -5003.81, 1235.22, -4996.25, 1235.22, -4678.75, 1134.43, -4671.19, 1131.91, -4555.28, 1162.15, -4560.32, 1169.71, -4645.99, 1235.22, -4640.95, 1232.7, -4152.1 )

[node name="Polygon2D25" type="Polygon2D" parent="Polygons"]
color = Color( 0.545098, 0.580392, 0.584314, 1 )
polygon = PoolVector2Array( -218.725, -4139.51, -216.205, -4545.2, -120.451, -4547.72, -115.411, -4671.19, -150.689, -4671.19, -148.169, -4577.96, -216.205, -4583, -216.205, -4991.21, -117.931, -4986.17, -117.931, -5245.72, 176.891, -5238.16, 305.403, -5827.8, -201.086, -5842.92, -193.526, -6039.47, -699.44, -7275.29, -1947.58, -9387.21, -567.579, -4271.21, -319.579, -4135.21 )

[node name="Polygon2D26" type="Polygon2D" parent="Polygons"]
color = Color( 0.545098, 0.580392, 0.584314, 1 )
polygon = PoolVector2Array( 860.992, -4681.53, 164.413, -4685.31, 168.188, -4485.21, 489.105, -4485.21, 487.218, -4428.57, 402.269, -4428.57, 402.269, -4400.26, 515.534, -4394.59, 528.748, -4492.76, 859.104, -4487.09 )

[node name="Polygon2D27" type="Polygon2D" parent="Polygons"]
color = Color( 0.545098, 0.580392, 0.584314, 1 )
polygon = PoolVector2Array( 258.582, -6520, 74.6333, -6560.32, 74.6333, -6394.01, 261.102, -6376.37 )

[node name="Polygon2D28" type="Polygon2D" parent="Polygons"]
position = Vector2( -12.5992, -365.377 )
color = Color( 0.545098, 0.580392, 0.584314, 1 )
polygon = PoolVector2Array( 258.582, -6520, 74.6333, -6560.32, 74.6333, -6394.01, 261.102, -6376.37 )

[node name="Polygon2D29" type="Polygon2D" parent="Polygons"]
position = Vector2( 607.282, -357.817 )
color = Color( 0.545098, 0.580392, 0.584314, 1 )
polygon = PoolVector2Array( 258.582, -6520, 74.6333, -6560.32, 74.6333, -6394.01, 261.102, -6376.37 )

[node name="Polygon2D30" type="Polygon2D" parent="Polygons"]
position = Vector2( 614.841, 7.56006 )
color = Color( 0.545098, 0.580392, 0.584314, 1 )
polygon = PoolVector2Array( 258.582, -6520, 74.6333, -6560.32, 74.6333, -6394.01, 261.102, -6376.37 )

[node name="Polygon2D31" type="Polygon2D" parent="Polygons"]
color = Color( 0.545098, 0.580392, 0.584314, 1 )
polygon = PoolVector2Array( 182.987, -7658.97, 286.3, -7331.39, 671.836, -7291.08, 777.669, -7676.61 )

[node name="Polygon2D32" type="Polygon2D" parent="Polygons"]
color = Color( 0.545098, 0.580392, 0.584314, 1 )
polygon = PoolVector2Array( 2880.58, -8824.54, 4333.65, -8730.36, 3109.3, 2211.41, 970.063, 1700.15, 1023.88, -3251.05, 1346.79, -4139.04, 1279.51, -6063.01 )

[node name="Polygon2D33" type="Polygon2D" parent="Polygons"]
color = Color( 0.545098, 0.580392, 0.584314, 1 )
polygon = PoolVector2Array( -1801.7, -8918.72, -4384.93, -8192.18, -2272.6, 2017.61, -25.7256, 2017.61, 41.5459, 833.623, 41.5459, -3041.23, -1411.52, -8005.88 )

[node name="Polygon2D34" type="Polygon2D" parent="Polygons"]
color = Color( 0.545098, 0.580392, 0.584314, 1 )
polygon = PoolVector2Array( -1398.07, 1815.79, -7.79224, 1522.59, 108.121, 1714.1, 1075.74, 1709.06, 3052.28, 2144.7, 3058.63, 2773.31, -1963.91, 2754.27 )

[node name="Occluders" type="Node" parent="."]

[node name="LightOccluder2D" type="LightOccluder2D" parent="Occluders"]
occluder = SubResource( 1 )

[node name="LightOccluder2D2" type="LightOccluder2D" parent="Occluders"]
occluder = SubResource( 2 )

[node name="LightOccluder2D3" type="LightOccluder2D" parent="Occluders"]
occluder = SubResource( 3 )

[node name="LightOccluder2D4" type="LightOccluder2D" parent="Occluders"]
occluder = SubResource( 4 )

[node name="LightOccluder2D6" type="LightOccluder2D" parent="Occluders"]
position = Vector2( 161.817, -134.848 )
occluder = SubResource( 4 )

[node name="LightOccluder2D7" type="LightOccluder2D" parent="Occluders"]
position = Vector2( 356.597, -260.706 )
occluder = SubResource( 4 )

[node name="LightOccluder2D8" type="LightOccluder2D" parent="Occluders"]
position = Vector2( -29.9661, -322.136 )
occluder = SubResource( 4 )

[node name="LightOccluder2D9" type="LightOccluder2D" parent="Occluders"]
position = Vector2( 104.882, -650.265 )
occluder = SubResource( 4 )

[node name="LightOccluder2D10" type="LightOccluder2D" parent="Occluders"]
position = Vector2( 465.974, -603.818 )
occluder = SubResource( 4 )

[node name="LightOccluder2D11" type="LightOccluder2D" parent="Occluders"]
position = Vector2( 305.655, -857.032 )
occluder = SubResource( 4 )

[node name="LightOccluder2D12" type="LightOccluder2D" parent="Occluders"]
position = Vector2( -38.956, -984.388 )
occluder = SubResource( 4 )

[node name="LightOccluder2D5" type="LightOccluder2D" parent="Occluders"]
occluder = SubResource( 5 )

[node name="LightOccluder2D13" type="LightOccluder2D" parent="Occluders"]
occluder = SubResource( 6 )

[node name="LightOccluder2D14" type="LightOccluder2D" parent="Occluders"]
occluder = SubResource( 7 )

[node name="LightOccluder2D15" type="LightOccluder2D" parent="Occluders"]
occluder = SubResource( 8 )

[node name="LightOccluder2D16" type="LightOccluder2D" parent="Occluders"]
position = Vector2( 601.64, -1.12256 )
occluder = SubResource( 8 )

[node name="LightOccluder2D17" type="LightOccluder2D" parent="Occluders"]
occluder = SubResource( 9 )

[node name="LightOccluder2D18" type="LightOccluder2D" parent="Occluders"]
occluder = SubResource( 10 )

[node name="LightOccluder2D19" type="LightOccluder2D" parent="Occluders"]
occluder = SubResource( 11 )

[node name="LightOccluder2D20" type="LightOccluder2D" parent="Occluders"]
occluder = SubResource( 12 )

[node name="LightOccluder2D21" type="LightOccluder2D" parent="Occluders"]
occluder = SubResource( 13 )

[node name="LightOccluder2D22" type="LightOccluder2D" parent="Occluders"]
occluder = SubResource( 14 )

[node name="LightOccluder2D23" type="LightOccluder2D" parent="Occluders"]
position = Vector2( 616.009, 14.2705 )
occluder = SubResource( 14 )

[node name="LightOccluder2D24" type="LightOccluder2D" parent="Occluders"]
position = Vector2( 613.631, -352.005 )
occluder = SubResource( 14 )

[node name="LightOccluder2D25" type="LightOccluder2D" parent="Occluders"]
position = Vector2( -14.2705, -361.519 )
occluder = SubResource( 14 )

[node name="LightOccluder2D26" type="LightOccluder2D" parent="Occluders"]
occluder = SubResource( 15 )
